@article{freeman2004,
	title = {Prevention of post-ERCP pancreatitis: a comprehensive review},
	author = {Freeman, Martin L and Guda, Nalini M},
	year = {2004},
	month = {06},
	date = {2004-06},
	journal = {Gastrointestinal Endoscopy},
	pages = {845--864},
	volume = {59},
	number = {7},
	doi = {10.1016/s0016-5107(04)00353-0},
	url = {http://dx.doi.org/10.1016/S0016-5107(04)00353-0},
	langid = {en}
}

@article{freeman1996,
	title = {Complications of Endoscopic Biliary Sphincterotomy},
	author = {Freeman, Martin L. and Nelson, Douglas B. and Sherman, Stuart and Haber, Gregory B. and Herman, Mary E. and Dorsher, Paul J. and Moore, Joseph P. and Fennerty, M. Brian and Ryan, Michael E. and Shaw, Michael J. and Lande, Jeffrey D. and Pheley, Alfred M.},
	year = {1996},
	month = {09},
	date = {1996-09-26},
	journal = {New England Journal of Medicine},
	pages = {909--919},
	volume = {335},
	number = {13},
	doi = {10.1056/nejm199609263351301},
	url = {http://dx.doi.org/10.1056/NEJM199609263351301},
	langid = {en}
}

@misc{hcupnet2019utilization,
  title={Utilization Project. Rockville, MD: Agency for Healthcare Research and Quality, 2016},
  author={HCUPnet, Healthcare Cost},
  year={2019}
}

@article{gross1993inflammatory,
  title={Inflammatory mediators and cytokines--new aspects of the pathophysiology and assessment of severity of acute pancreatitis?},
  author={Gross, V and Leser, HG and Heinisch, A and Sch{\"o}lmerich, J},
  journal={Hepato-gastroenterology},
  volume={40},
  number={6},
  pages={522--530},
  year={1993}
}

@article{makela1997inhibition,
  title={Inhibition of serum phospholipase-A2 in acute pancreatitis by pharmacological agents in vitro},
  author={M{\"a}kel{\"a}, A and Kuusi, T and Schr{\"o}der, T},
  journal={Scandinavian journal of clinical and laboratory investigation},
  volume={57},
  number={5},
  pages={401--407},
  year={1997},
  publisher={Taylor \& Francis}
}

@article{murray2003diclofenac,
  title={Diclofenac reduces the incidence of acute pancreatitis after endoscopic retrograde cholangiopancreatography},
  author={Murray, Bill and Carter, Ross and Imrie, Clem and Evans, Susan and O’suilleabhain, Criostoir},
  journal={Gastroenterology},
  volume={124},
  number={7},
  pages={1786--1791},
  year={2003},
  publisher={Elsevier}
}

@article{sotoudehmanesh2007indomethacin,
  title={Indomethacin may reduce the incidence and severity of acute pancreatitis after ERCP},
  author={Sotoudehmanesh, Rasoul and Khatibian, Morteza and Kolahdoozan, Shadi and Ainechi, Sanaz and Malboosbaf, Ramin and Nouraie, Mehdi},
  journal={Official journal of the American College of Gastroenterology| ACG},
  volume={102},
  number={5},
  pages={978--983},
  year={2007},
  publisher={LWW}
}

@article{khoshbaten2008role,
  title={Role of diclofenac in reducing post-endoscopic retrograde cholangiopancreatography pancreatitis},
  author={Khoshbaten, Manouchehr and Khorram, Homayoun and Madad, Leili and Ehsani Ardakani, Mohammad Javad and Farzin, Haleh and Zali, Mohammmad Reza},
  journal={Journal of gastroenterology and hepatology},
  volume={23},
  number={7pt2},
  pages={e11--e16},
  year={2008},
  publisher={Wiley Online Library}
}

@article{je2007effect,
  title={Effect of the administration of rectal indomethacin on amylase serum levels after endoscopic retrograde cholangiopancreatography, and its impact on the development of secondary pancreatitis episodes},
  author={JE, Garc{\'\i}a Correa and others},
  journal={Revista espanola de enfermedades digestivas: organo oficial de la Sociedad Espanola de Patologia Digestiva},
  volume={99},
  number={6},
  pages={330--336},
  year={2007}
}


@article{elmunzer2008,
	title = {A meta-analysis of rectal NSAIDs in the prevention of post-ERCP pancreatitis},
	author = {Elmunzer, B J and Waljee, A K and Elta, G H and Taylor, J R and Fehmi, S M A and Higgins, P D R},
	year = {2008},
	month = {03},
	date = {2008-03-28},
	journal = {Gut},
	pages = {1262--1267},
	volume = {57},
	number = {9},
	doi = {10.1136/gut.2007.140756},
	url = {http://dx.doi.org/10.1136/gut.2007.140756},
	langid = {en}
}

@article{tarnasky1998,
	title = {Pancreatic stenting prevents pancreatitis after biliary sphincterotomy in patients with sphincter of Oddi dysfunction},
	author = {Tarnasky, Paul R. and Palesch, Yuko Y. and Cunningham, John T. and Mauldin, Patrick D. and Cotton, Peter B. and Hawes, Robert H.},
	year = {1998},
	month = {12},
	date = {1998-12},
	journal = {Gastroenterology},
	pages = {1518--1524},
	volume = {115},
	number = {6},
	doi = {10.1016/s0016-5085(98)70031-9},
	url = {http://dx.doi.org/10.1016/S0016-5085(98)70031-9},
	langid = {en}
}

@article{fazel2003,
	title = {Does a pancreatic duct stent prevent post-ERCP pancreatitis? A prospective randomized study},
	author = {Fazel, Ali and Quadri, Affan and Catalano, Marc F. and Meyerson, Scott M. and Geenen, Joseph E.},
	year = {2003},
	month = {03},
	date = {2003-03},
	journal = {Gastrointestinal Endoscopy},
	pages = {291--294},
	volume = {57},
	number = {3},
	doi = {10.1067/mge.2003.124},
	url = {http://dx.doi.org/10.1067/mge.2003.124},
	langid = {en}
}

@article{singh2004,
	title = {Does prophylactic pancreatic stent placement reduce the risk of post-ERCP acute pancreatitis? A meta-analysis of controlled trials},
	author = {Singh, Pankaj and Das, Ananya and Isenberg, Gerard and Wong, Richard C.K. and Sivak, Michael V. and Agrawal, Deepak and Chak, Amitabh},
	year = {2004},
	month = {10},
	date = {2004-10},
	journal = {Gastrointestinal Endoscopy},
	pages = {544--550},
	volume = {60},
	number = {4},
	doi = {10.1016/s0016-5107(04)02013-9},
	url = {http://dx.doi.org/10.1016/S0016-5107(04)02013-9},
	langid = {en}
}

@article{dumonceau2010,
	title = {Prophylaxis of post-ERCP pancreatitis: a practice survey},
	author = {Dumonceau, Jean-Marc and Rigaux, Johanne and Kahaleh, Michel and Gomez, Carlos Macias and Vandermeeren, Alain and {Devière}, Jacques},
	year = {2010},
	month = {05},
	date = {2010-05},
	journal = {Gastrointestinal Endoscopy},
	pages = {934--939.e2},
	volume = {71},
	number = {6},
	doi = {10.1016/j.gie.2009.10.055},
	url = {http://dx.doi.org/10.1016/j.gie.2009.10.055},
	langid = {en}
}

@article{andriulli2000,
	title = {Pharmacologic treatment can prevent pancreatic injury after ERCP: a meta-analysis},
	author = {Andriulli, Angelo and Leandro, Gioacchino and Niro, Grazia and Mangia, Alessandra and Festa, Virginia and Gambassi, Giovanni and Villani, Maria Rosaria and Facciorusso, Domenico and Conoscitore, Pasquale and Spirito, Fulvio and De Maio, Giovanni},
	year = {2000},
	month = {01},
	date = {2000-01},
	journal = {Gastrointestinal Endoscopy},
	pages = {1--7},
	volume = {51},
	number = {1},
	doi = {10.1016/s0016-5107(00)70377-4},
	url = {http://dx.doi.org/10.1016/S0016-5107(00)70377-4},
	langid = {en}
}

@article{andriulli2007,
	title = {Prophylactic administration of somatostatin or gabexate does not prevent pancreatitis after ERCP: an updated meta-analysis},
	author = {Andriulli, Angelo and Leandro, Gioacchino and Federici, Telemaco and Ippolito, Antonio and Forlano, Rosario and Iacobellis, Angelo and Annese, Vito},
	year = {2007},
	month = {04},
	date = {2007-04},
	journal = {Gastrointestinal Endoscopy},
	pages = {624--632},
	volume = {65},
	number = {4},
	doi = {10.1016/j.gie.2006.10.030},
	url = {http://dx.doi.org/10.1016/j.gie.2006.10.030},
	langid = {en}
}

@article{freeman2007,
	title = {Pancreatic Stents for Prevention of Post{\textendash}Endoscopic Retrograde Cholangiopancreatography Pancreatitis},
	author = {Freeman, Martin L.},
	year = {2007},
	month = {11},
	date = {2007-11},
	journal = {Clinical Gastroenterology and Hepatology},
	pages = {1354--1365},
	volume = {5},
	number = {11},
	doi = {10.1016/j.cgh.2007.09.007},
	url = {http://dx.doi.org/10.1016/j.cgh.2007.09.007},
	langid = {en}
}

@article{vandermarel2004,
	title = {Diclofenac and metabolite pharmacokinetics in children},
	author = {van der Marel, Caroline D. and Anderson, Brian J. and {Rømsing}, Janne and {Jacqz{-}Aigrain}, Evelyne and Tibboel, Dick},
	year = {2004},
	month = {05},
	date = {2004-05-20},
	journal = {Pediatric Anesthesia},
	pages = {443--451},
	volume = {14},
	number = {6},
	doi = {10.1111/j.1460-9592.2004.01232.x},
	url = {http://dx.doi.org/10.1111/j.1460-9592.2004.01232.x},
	langid = {en}
}

@article{cotton1991,
	title = {Endoscopic sphincterotomy complications and their management: an attempt at consensus},
	author = {Cotton, P.B. and Lehman, G. and Vennes, J. and Geenen, J.E. and Russell, R.C.G. and Meyers, W.C. and Liguory, C. and Nickl, N.},
	year = {1991},
	month = {05},
	date = {1991-05},
	journal = {Gastrointestinal Endoscopy},
	pages = {383--393},
	volume = {37},
	number = {3},
	doi = {10.1016/s0016-5107(91)70740-2},
	url = {http://dx.doi.org/10.1016/S0016-5107(91)70740-2},
	langid = {en}
}

@article{mallery2003,
	title = {Complications of ERCP},
	author = {Mallery, J.Shawn and Baron, Todd H. and Dominitz, Jason A. and Goldstein, Jay L. and Hirota, William K. and Jacobson, Brian C. and Leighton, Jonathan A. and Raddawi, Hareth M. and Varg, John J. and Waring, J.Patrick and Fanelli, Robert D. and Wheeler-Harbough, Jo and Eisen, Glenn M. and Faigel, Douglas O.},
	year = {2003},
	month = {05},
	date = {2003-05},
	journal = {Gastrointestinal Endoscopy},
	pages = {633--638},
	volume = {57},
	number = {6},
	doi = {10.1053/ge.2003.v57.amge030576633},
	url = {http://dx.doi.org/10.1053/ge.2003.v57.amge030576633},
	langid = {en}
}

@article{kent2010,
	title = {Assessing and reporting heterogeneity in treatment effects in clinical trials: a proposal},
	author = {Kent, David M and Rothwell, Peter M and Ioannidis, John PA and Altman, Doug G and Hayward, Rodney A},
	year = {2010},
	month = {08},
	date = {2010-08-12},
	journal = {Trials},
	volume = {11},
	number = {1},
	doi = {10.1186/1745-6215-11-85},
	url = {http://dx.doi.org/10.1186/1745-6215-11-85},
	langid = {en}
}

@article{nelson1994major,
  title={Major hemorrhage from endoscopic sphincterotomy: risk factor analysis},
  author={Nelson, Douglas B and Freeman, Martin L},
  journal={Journal of clinical gastroenterology},
  volume={19},
  number={4},
  pages={283--287},
  year={1994},
  publisher={LWW}
}
